@manual{sample,
  organization = {TU Dortmund, Fakultät Physik},
  title = {Versuch Nr.103: Biegung elastischer Stäbe},
}
