@manual{sample,
  organization = {TU Dortmund, Fakultät Physik},
  title = {Versuch Nr.354 Gedämpfte und erzwungene Schwingungen},
}

@manual{V353,
  organization = {TU Dortmund, Fakultät Physik},
  title = {Versuch Nr.353 Das Relaxationsverhalten eines RC-Kreises }
}
