@book{Geschke,
    title = "{Physikalisches Praktikum}",
    author = "{Geschke, Dieter}",
    publisher = "{Teubner}",
}
@manual{TU,
  organization = "{TU Dortmund, Fakultät Physik}",
  title = "{Versuch V107: Das Kugelfall-Viskosimeter nach Höppler}"
}