@manual{sample,
  organization = "{TU Dortmund, Fakult√§t Physik}",
  title = "{Versuch Nr.353, Das Relaxationsverhalten eines RC-Kreises}"
}