@manual{sample,
  organization = {TU Dortmund, Fakultät Physik},
  title = {Versuch Nr.203: Verdampfungswärme und Dampfdruck-Kurve},
}

@book{Gerth,
  title = {Gerthsen Physik},
  author = {Meschede, Dieter},
  year = {2015},
  publisher = {Springer Berlin Heidelberg} 
}
