@manual{sample,
  organization = {TU Dortmund, Fakultät Physik},
  title = {Versuch V303: Der Lock-In-Verstärker},
}
