@manual{sample,
  organization = {TU Dortmund, Fakult√§t Physik},
  title = {Versuch V603: Compton-Effekt},
}

@book{Gerth,
  title = {Gerthsen Physik},
  author = {Meschede, Dieter},
  year = {2015},
  publisher = {Springer Berlin Heidelberg},
}

@online{Copper,
  url = {https://xdb.lbl.gov/Section1/Table_1-2.pdf},
  urldate = {2022-01-21},
  title = {X-Ray Data Booklet}
}
