@manual{sample,
  organization = "{TU Dortmund, Fakultät Physik}",
  title = "{V204: Wärmeleitung von Metallen}"
}